@article{hafner2023mastering,
  title   = {{Mastering Diverse Domains through World Models}},
  author  = {Hafner, Danijar and Pasukonis, Jurgis and Ba, Jimmy and Lillicrap, Timothy},
  journal = {arXiv preprint arXiv:2301.04104},
  year    = {2023},
}

@inproceedings{heinrich2015fictitious,
  title     = {{Fictitious Self-Play in Extensive-Form Games}},
  author    = {Johannes Heinrich and Marc Lanctot and David Silver},
  booktitle = {International Conference on Machine Learning},
  year      = {2015},
}

@article{mnih2015human,
  title   = {Human-level control through deep reinforcement learning},
  author  = {Mnih, Volodymyr and Kavukcuoglu, Koray and
             Silver, David and Rusu, Andrei A. and Veness, Joel and
             Bellemare, Marc G. and Graves, Alex and
             Riedmiller, Martin and Fidjeland, Andreas K. and
             Ostrovski, Georg and Petersen, Stig and
             Beattie, Charles and Sadik, Amir and
             Antonoglou, Ioannis and King, Helen and
             Kumaran, Dharshan and Wierstra, Daan and Legg, Shane and
             Hassabis, Demis},
  year    = {2015},
  journal = {Nature},
  number  = {7540},
  volume  = {518},
}

@inproceedings{todorov2012mujoco,
  title     = {{MuJoCo: A physics engine for model-based control}},
  author    = {Todorov, Emanuel and Erez, Tom and Tassa, Yuval},
  year      = {2012},
  booktitle = {IEEE/RSJ International Conference on Intelligent Robots and Systems},
}
